@article{ho2023averaging,
  title={Averaging Impulse Responses Using Prediction Pools},
  author={Ho, Paul and Lubik, Thomas and Matthes, Christian},
  year={2023},
  publisher={FRB Richmond Working Paper}
}

@article{choi2019estimating,
  title={Estimating impulse response functions when the shock series is observed},
  author={Choi, Chi-Young and Chudik, Alexander},
  journal={Economics Letters},
  volume={180},
  pages={71--75},
  year={2019},
  publisher={Elsevier}
}